<?xml version="1.0" encoding="UTF-8"?><collection xmlns="http://www.loc.gov/MARC21/slim"><record><leader>00384nam--2200133-i-4500</leader><controlfield tag="001">000025241</controlfield><controlfield tag="002">20161230</controlfield><controlfield tag="005">20161230201035</controlfield><controlfield tag="008">060222s1000------------r-----000-0-eng-d</controlfield><datafield ind1=" " ind2=" " tag="245"><subfield code="a">Inorganic chemistry. series one. 3.main group elements. groups vii and noble gases</subfield></datafield><datafield ind1=" " ind2=" " tag="260"><subfield code="a">London, Butterworths, 1972</subfield></datafield><datafield ind1=" " ind2=" " tag="490"><subfield code="a">Mtp Int.Review Of Science</subfield></datafield><datafield ind1=" " ind2=" " tag="700"><subfield code="a">H.J.Emeleius</subfield></datafield><datafield ind1=" " ind2=" " tag="852"><subfield code="a">37578</subfield></datafield></record></collection>